@article{Dean:2008:MSD:1327452.1327492,
 author = {Dean, Jeffrey and Ghemawat, Sanjay},
 title = {MapReduce: Simplified Data Processing on Large Clusters},
 journal = {Commun. ACM},
 issue_date = {January 2008},
 volume = {51},
 number = {1},
 month = jan,
 year = {2008},
 issn = {0001-0782},
 pages = {107--113},
 numpages = {7},
 url = {http://doi.acm.org/10.1145/1327452.1327492},
 doi = {10.1145/1327452.1327492},
 acmid = {1327492},
 publisher = {ACM},
 address = {New York, NY, USA},
}

@inproceedings{Shvachko:2010:HDF:1913798.1914427,
 author = {Shvachko, Konstantin and Kuang, Hairong and Radia, Sanjay and Chansler, Robert},
 title = {The Hadoop Distributed File System},
 booktitle = {Proceedings of the 2010 IEEE 26th Symposium on Mass Storage Systems and Technologies (MSST)},
 series = {MSST '10},
 year = {2010},
 isbn = {978-1-4244-7152-2},
 pages = {1--10},
 numpages = {10},
 url = {http://dx.doi.org/10.1109/MSST.2010.5496972},
 doi = {10.1109/MSST.2010.5496972},
 acmid = {1914427},
 publisher = {IEEE Computer Society},
 address = {Washington, DC, USA},
}

@book{Tanenbaum:2006:DSP:1202502,
 author = {Tanenbaum, Andrew S. and Steen, Maarten van},
 title = {Distributed Systems: Principles and Paradigms (2Nd Edition)},
 year = {2006},
 isbn = {0132392275},
 publisher = {Prentice-Hall, Inc.},
 address = {Upper Saddle River, NJ, USA},
}

@inproceedings{Ghemawat:2003:GFS:945445.945450,
 author = {Ghemawat, Sanjay and Gobioff, Howard and Leung, Shun-Tak},
 title = {The Google File System},
 booktitle = {Proceedings of the Nineteenth ACM Symposium on Operating Systems Principles},
 series = {SOSP '03},
 year = {2003},
 isbn = {1-58113-757-5},
 location = {Bolton Landing, NY, USA},
 pages = {29--43},
 numpages = {15},
 url = {http://doi.acm.org/10.1145/945445.945450},
 doi = {10.1145/945445.945450},
 acmid = {945450},
 publisher = {ACM},
 address = {New York, NY, USA},
 keywords = {clustered storage, data storage, fault tolerance, scalability},
}

@book{Wilkinson:1998:PPT:289352,
 author = {Wilkinson, Barry and Allen, Michael},
 title = {Parallel Programming: Techniques and Applications Using Networked Workstations and Parallel Computers},
 year = {1999},
 isbn = {0-13-671710-1},
 publisher = {Prentice-Hall, Inc.},
 address = {Upper Saddle River, NJ, USA},
}

@book{Collette:2013:Python,
  title={Python and HDF5},
  author={Collette, A.},
  isbn={9781449367831},
  lccn={2013454901},
  url={https://books.google.dk/books?id=a\_yXngEACAAJ},
  year={2013},
  publisher={Oreilly \& Associates Incorporated}
}

@inproceedings{Mundkur:2011:DCP:2034654.2034670,
 author = {Mundkur, Prashanth and Tuulos, Ville and Flatow, Jared},
 title = {Disco: A Computing Platform for Large-scale Data Analytics},
 booktitle = {Proceedings of the 10th ACM SIGPLAN Workshop on Erlang},
 series = {Erlang '11},
 year = {2011},
 isbn = {978-1-4503-0859-5},
 location = {Tokyo, Japan},
 pages = {84--89},
 numpages = {6},
 url = {http://doi.acm.org/10.1145/2034654.2034670},
 doi = {10.1145/2034654.2034670},
 acmid = {2034670},
 publisher = {ACM},
 address = {New York, NY, USA},
 keywords = {MapReduce, cluster, data processing, distributed filesystems},
}

@inproceedings{DeCandia:2007:DAH:1294261.1294281,
 author = {DeCandia, Giuseppe and Hastorun, Deniz and Jampani, Madan and Kakulapati, Gunavardhan and Lakshman, Avinash and Pilchin, Alex and Sivasubramanian, Swaminathan and Vosshall, Peter and Vogels, Werner},
 title = {Dynamo: Amazon's Highly Available Key-value Store},
 booktitle = {Proceedings of Twenty-first ACM SIGOPS Symposium on Operating Systems Principles},
 series = {SOSP '07},
 year = {2007},
 isbn = {978-1-59593-591-5},
 location = {Stevenson, Washington, USA},
 pages = {205--220},
 numpages = {16},
 url = {http://doi.acm.org/10.1145/1294261.1294281},
 doi = {10.1145/1294261.1294281},
 acmid = {1294281},
 publisher = {ACM},
 address = {New York, NY, USA},
 keywords = {performance, reliability, scalability},
}

@misc{PageHadoop,
  title = {{Apache} {Hadoop}},
  howpublished = {\url{https://hadoop.apache.org/}},
  note = {Accessed: 2016-01-28}
}

@misc{PageDisco,
  title = {The {Disco} {Project}. {Disco}},
  howpublished = {\url{http://discoproject.org/}},
  note = {Accessed: 2016-01-28}
}

@inproceedings{Brewer2000,
  author = {Brewer, Eric A.},
  keywords = {cap nosql},
  title = {Principles of {Distributed} {Computing} ({PODC} 2000): Towards robust distributed systems.},
  url = {http://www.cs.berkeley.edu/~brewer/cs262b-2004/PODC-keynote.pdf},
  year = 2000
}

@misc{PageWhiteCH,
  title = {Tom {White}: {Consistent} {Hashing}},
  howpublished = {\url{http://www.tom-e-white.com/2007/11/consistent-hashing.html}},
  note = {Accessed: 2016-01-29}
}

@misc{PageLockwoodHadoop,
  title = {Glenn {K.} {Lockwood}: {Hadoop's} {Uncomfortable} {Fit} in {HPC}},
  howpublished = {\url{http://glennklockwood.blogspot.com.au/2014/05/hadoops-uncomfortable-fit-in-hpc.html}},
  note = {Accessed: 2016-02-04}
}

@misc{PageJava,
  title = {The {Java} {Language} {Environment}},
  howpublished = {\url{http://www.oracle.com/technetwork/java/intro-141325.html}},
  note = {Accessed: 2016-02-04}
}
